<record><leader>00000cas a22000007a 4500</leader><controlfield tag="001">27417977</controlfield><controlfield tag="008">930211d18401841mauwr ne      0    0eng d</controlfield><datafield ind1=" " ind2=" " tag="010"><subfield code="a">sn 93059143 </subfield></datafield><datafield ind1=" " ind2=" " tag="040"><subfield code="a">MGN</subfield><subfield code="b">eng</subfield><subfield code="c">MGN</subfield><subfield code="d">HLS</subfield><subfield code="d">OCLCQ</subfield></datafield><datafield ind1=" " ind2=" " tag="042"><subfield code="a">msc</subfield></datafield><datafield ind1="0" ind2=" " tag="130"><subfield code="a">Magnolia (Cambridge, Mass.)</subfield></datafield><datafield ind1="1" ind2="0" tag="245"><subfield code="a">Magnolia.</subfield></datafield><datafield ind1=" " ind2=" " tag="260"><subfield code="a">Cambridge [Mass.] :</subfield><subfield code="b">P.L. &amp; H.S. Cox</subfield></datafield><datafield ind1=" " ind2=" " tag="300"><subfield code="a">v.</subfield></datafield><datafield ind1=" " ind2=" " tag="310"><subfield code="a">Weekly</subfield></datafield><datafield ind1="0" ind2=" " tag="362"><subfield code="a">Vol. 1, no. 1 (Oct. 22, 1840)-v. 2, no. 2 (Nov. 4, 1841).</subfield></datafield><datafield ind1=" " ind2=" " tag="515"><subfield code="a">Issues for Oct. 28-Nov. 4, 1841 called also whole no. 53-whole no. 54.</subfield></datafield><datafield ind1=" " ind2=" " tag="515"><subfield code="a">Issues for June 3-Oct. 21, 1841 called also new series, vol. 1, no. 1-21.</subfield></datafield><datafield ind1=" " ind2=" " tag="752"><subfield code="a">United States</subfield><subfield code="b">Massachusetts</subfield><subfield code="c">Middlesex</subfield><subfield code="d">Cambridge.</subfield></datafield><datafield ind1="0" ind2="0" tag="785"><subfield code="t">Cambridge magnolia</subfield><subfield code="w">(DLC)sn 93059144</subfield></datafield></record>